%% This BibTeX bibliography file was created using BibDesk.
%% http://bibdesk.sourceforge.net/

%% Created for Anna Scholtz at 2018-12-05 10:35:47 -0800 


%% Saved with string encoding Unicode (UTF-8) 



@misc{xi,
	Date-Added = {2018-12-05 18:35:02 +0000},
	Date-Modified = {2018-12-05 18:35:02 +0000},
	Howpublished = {\url{https://github.com/xi-editor/xi-editor}},
	Title = {xi-editor}}

@inproceedings{chaudhuri2010verifying,
	Author = {Chaudhuri, Kaustuv and Doligez, Damien and Lamport, Leslie and Merz, Stephan},
	Booktitle = {International Joint Conference on Automated Reasoning},
	Date-Added = {2018-12-04 21:43:58 +0000},
	Date-Modified = {2018-12-04 21:43:58 +0000},
	Organization = {Springer},
	Pages = {142--148},
	Title = {Verifying safety properties with the TLA+ proof system},
	Year = {2010}}

@inproceedings{hawblitzel2015ironfleet,
	Author = {Hawblitzel, Chris and Howell, Jon and Kapritsos, Manos and Lorch, Jacob R and Parno, Bryan and Roberts, Michael L and Setty, Srinath and Zill, Brian},
	Booktitle = {Proceedings of the 25th Symposium on Operating Systems Principles},
	Date-Added = {2018-12-04 21:33:16 +0000},
	Date-Modified = {2018-12-04 21:33:16 +0000},
	Organization = {ACM},
	Pages = {1--17},
	Title = {IronFleet: proving practical distributed systems correct},
	Year = {2015}}

@inproceedings{mai2013verifying,
	Author = {Mai, Haohui and Pek, Edgar and Xue, Hui and King, Samuel Talmadge and Madhusudan, Parthasarathy},
	Booktitle = {ACM SIGPLAN Notices},
	Date-Added = {2018-12-04 21:27:46 +0000},
	Date-Modified = {2018-12-04 21:27:46 +0000},
	Number = {4},
	Organization = {ACM},
	Pages = {293--304},
	Title = {Verifying security invariants in ExpressOS},
	Volume = {48},
	Year = {2013}}

@inproceedings{hawblitzel2014ironclad,
	Author = {Hawblitzel, Chris and Howell, Jon and Lorch, Jacob R and Narayan, Arjun and Parno, Bryan and Zhang, Danfeng and Zill, Brian},
	Booktitle = {OSDI},
	Date-Added = {2018-12-04 21:27:12 +0000},
	Date-Modified = {2018-12-04 21:27:12 +0000},
	Pages = {165--181},
	Title = {Ironclad Apps: End-to-End Security via Automated Full-System Verification.},
	Volume = {14},
	Year = {2014}}

@misc{xi-rope,
	Date-Added = {2018-12-04 21:19:13 +0000},
	Date-Modified = {2018-12-05 18:35:42 +0000},
	Howpublished = {\url{https://xi-editor.github.io/xi-editor/docs/crdt-details.html}},
	Title = {CRDT - The Xi Text Engine}}

@misc{gtk-rope,
	Date-Added = {2018-12-04 21:16:36 +0000},
	Date-Modified = {2018-12-04 21:19:38 +0000},
	Howpublished = {\url{https://github.com/GNOME/gtk/blob/master/gtk/gtktextbtree.c}},
	Title = {Gtktextbtree.c}}

@misc{gtk,
	Date-Added = {2018-12-04 21:13:56 +0000},
	Date-Modified = {2018-12-04 21:16:55 +0000},
	Howpublished = {\url{https://www.gtk.org/}},
	Title = {The GTK+ Project}}

@misc{atom-perf,
	Author = {Max Brunsfeld},
	Date-Added = {2018-12-04 21:11:16 +0000},
	Date-Modified = {2018-12-04 21:14:33 +0000},
	Howpublished = {\url{https://blog.atom.io/2018/01/10/the-state-of-atoms-performance.html}},
	Title = {The State of Atom's Performance},
	Year = {2018}}

@article{pike1987text,
	Author = {Pike, Rob},
	Date-Added = {2018-12-04 21:09:43 +0000},
	Date-Modified = {2018-12-04 21:09:43 +0000},
	Journal = {Software: Practice and Experience},
	Number = {11},
	Pages = {813--845},
	Publisher = {Wiley Online Library},
	Title = {The text editor sam},
	Volume = {17},
	Year = {1987}}

@misc{vi,
	Date-Added = {2018-12-04 21:08:30 +0000},
	Date-Modified = {2018-12-04 21:08:48 +0000},
	Howpublished = {\url{http://ex-vi.sourceforge.net/}},
	Title = {The Traditional Vi}}

@article{mediero2017verification,
	Author = {Mediero Iturrioz, Jon},
	Date-Added = {2018-12-04 20:05:45 +0000},
	Date-Modified = {2018-12-04 20:05:45 +0000},
	Title = {Verification of Concurrent Programs in Dafny},
	Year = {2017}}

@misc{atom,
	Date-Added = {2018-11-30 21:27:21 +0000},
	Date-Modified = {2018-12-04 21:11:39 +0000},
	Howpublished = {\url{https://atom.io/}},
	Title = {Atom}}

@inproceedings{leino2010dafny,
	Author = {Leino, K Rustan M},
	Booktitle = {International Conference on Logic for Programming Artificial Intelligence and Reasoning},
	Date-Added = {2018-11-29 23:10:21 +0000},
	Date-Modified = {2018-11-29 23:10:21 +0000},
	Organization = {Springer},
	Pages = {348--370},
	Title = {Dafny: An automatic program verifier for functional correctness},
	Year = {2010}}

@article{boehm1995ropes,
	Author = {Boehm, Hans-J and Atkinson, Russ and Plass, Michael},
	Date-Added = {2018-11-29 22:40:24 +0000},
	Date-Modified = {2018-11-29 22:40:24 +0000},
	Journal = {Software: Practice and Experience},
	Number = {12},
	Pages = {1315--1330},
	Publisher = {Wiley Online Library},
	Title = {Ropes: an alternative to strings},
	Volume = {25},
	Year = {1995}}

@misc{dafnyManual,
	Author = {Richard L. Ford and K. Rustan M. Leino},
	Date-Added = {2018-11-29 22:21:02 +0000},
	Date-Modified = {2018-11-30 21:30:15 +0000},
	Howpublished = {\url{https://github.com/Microsoft/dafny/blob/master/Docs/DafnyRef/out/DafnyRef.pdf}},
	Title = {Dafny Reference Manual}}
